<record><leader>00000cas a22000007a 4500</leader><controlfield tag="001">18254427</controlfield><controlfield tag="008">880722d19601962nyuwr ne      0    0eng d</controlfield><datafield ind1=" " ind2=" " tag="010"><subfield code="a">sn 88074609 </subfield></datafield><datafield ind1=" " ind2=" " tag="040"><subfield code="a">NYS</subfield><subfield code="b">eng</subfield><subfield code="c">NYS</subfield><subfield code="d">OCLCQ</subfield></datafield><datafield ind1=" " ind2=" " tag="042"><subfield code="a">msc</subfield></datafield><datafield ind1="0" ind2="4" tag="245"><subfield code="a">The New Letchworth leader and Castile news.</subfield></datafield><datafield ind1=" " ind2=" " tag="260"><subfield code="a">Castile, N.Y. :</subfield><subfield code="b">D.R. Sanders,</subfield><subfield code="c">1960-1962.</subfield></datafield><datafield ind1=" " ind2=" " tag="300"><subfield code="a">v.</subfield></datafield><datafield ind1=" " ind2=" " tag="310"><subfield code="a">Weekly</subfield></datafield><datafield ind1="0" ind2=" " tag="362"><subfield code="a">86th year, no. 33 (Aug. 18, 1860)-88th year, no. 2 (Jan. 11, 1962).</subfield></datafield><datafield ind1=" " ind2="4" tag="651"><subfield code="a">Castile (N.Y.)</subfield><subfield code="v">Newspapers.</subfield></datafield><datafield ind1=" " ind2=" " tag="752"><subfield code="a">United States</subfield><subfield code="b">New York</subfield><subfield code="c">Wyoming</subfield><subfield code="d">Castile.</subfield></datafield><datafield ind1="0" ind2="0" tag="780"><subfield code="t">Greater Castilian and the new Letchworth leader</subfield><subfield code="w">(DLC)sn 88074608</subfield><subfield code="w">(OCoLC)18253947</subfield></datafield><datafield ind1="0" ind2="0" tag="785"><subfield code="t">Castilian new Letchworth leader and Castile news</subfield><subfield code="w">(DLC)sn 88074606</subfield><subfield code="w">(OCoLC)18254498</subfield></datafield></record>